<record><leader>00000cas a22000007a 4500</leader><controlfield tag="001">28299548</controlfield><controlfield tag="008">930618d19291951nmudn ne      0    0eng d</controlfield><datafield ind1=" " ind2=" " tag="010"><subfield code="a">sn 93061665 </subfield></datafield><datafield ind1=" " ind2=" " tag="040"><subfield code="a">NVM</subfield><subfield code="b">eng</subfield><subfield code="c">NVM</subfield><subfield code="d">OCLCQ</subfield><subfield code="d">OCLCF</subfield><subfield code="d">OCLCO</subfield></datafield><datafield ind1="1" ind2=" " tag="029"><subfield code="a">AU@</subfield><subfield code="b">000025869924</subfield></datafield><datafield ind1=" " ind2=" " tag="042"><subfield code="a">msc</subfield></datafield><datafield ind1=" " ind2=" " tag="043"><subfield code="a">n-us-nm</subfield></datafield><datafield ind1="0" ind2="0" tag="245"><subfield code="a">Daily current-argus.</subfield></datafield><datafield ind1=" " ind2=" " tag="260"><subfield code="a">Carlsbad, N.M. :</subfield><subfield code="b">Carlsbad Pub. Co.</subfield></datafield><datafield ind1=" " ind2=" " tag="300"><subfield code="a">v.</subfield></datafield><datafield ind1=" " ind2=" " tag="310"><subfield code="a">Daily (except Saturday)</subfield></datafield><datafield ind1="0" ind2=" " tag="362"><subfield code="a">Vol. 40, no. 50 (May 3, 1929)-v. 65, no. 258 (Aug. 31, 1951).</subfield></datafield><datafield ind1=" " ind2=" " tag="530"><subfield code="a">Also on microfilm: El Paso, Tex. : Southwest Micropublishing, Inc.</subfield></datafield><datafield ind1=" " ind2="0" tag="651"><subfield code="a">Carlsbad (N.M.)</subfield><subfield code="v">Newspapers.</subfield></datafield><datafield ind1=" " ind2="0" tag="651"><subfield code="a">Eddy County (N.M.)</subfield><subfield code="v">Newspapers.</subfield></datafield><datafield ind1=" " ind2="7" tag="655"><subfield code="a">Newspapers.</subfield><subfield code="2">fast</subfield><subfield code="0">(OCoLC)fst01423814</subfield></datafield><datafield ind1=" " ind2="7" tag="651"><subfield code="a">New Mexico</subfield><subfield code="z">Carlsbad.</subfield><subfield code="2">fast</subfield><subfield code="0">(OCoLC)fst01205134</subfield></datafield><datafield ind1=" " ind2="7" tag="651"><subfield code="a">New Mexico</subfield><subfield code="z">Eddy County.</subfield><subfield code="2">fast</subfield><subfield code="0">(OCoLC)fst01211334</subfield></datafield><datafield ind1=" " ind2=" " tag="752"><subfield code="a">United States</subfield><subfield code="b">New Mexico</subfield><subfield code="c">Eddy</subfield><subfield code="d">Carlsbad.</subfield></datafield><datafield ind1="0" ind2="0" tag="780"><subfield code="t">Carlsbad current-argus (Carlsbad, N.M. : 1926)</subfield><subfield code="w">(DLC)sn 93061664</subfield></datafield><datafield ind1="0" ind2="0" tag="785"><subfield code="t">Carlsbad current-argus (Carlsbad, N.M. : 1951)</subfield><subfield code="w">(DLC)sn 93061672</subfield></datafield></record>